@article{Cheli2021,
  doi = {10.21105/joss.03078},
  url = {https://doi.org/10.21105/joss.03078},
  year = {2021},
  publisher = {The Open Journal},
  volume = {6},
  number = {59},
  pages = {3078},
  author = {Alessandro Cheli},
  title = {Metatheory.jl: Fast and Elegant Algebraic Computation in Julia with Extensible Equality Saturation},
  journal = {Journal of Open Source Software}
}

@misc{cheli2021automated,
      title={Automated Code Optimization with E-Graphs}, 
      author={Alessandro Cheli},
      year={2021},
      eprint={2112.14714},
      archivePrefix={arXiv},
      primaryClass={cs.PL}
}